<?xml version="1.0" encoding="UTF-8"?><record xmlns="http://www.loc.gov/MARC21/slim" xmlns:cinclude="http://apache.org/cocoon/include/1.0" xmlns:zs="http://www.loc.gov/zing/srw/">
  <leader>00780cz  a2200181n  4500</leader>
  <controlfield tag="001">n 2009219729</controlfield>
  <controlfield tag="003">DLC</controlfield>
  <controlfield tag="005">20110111074752.0</controlfield>
  <controlfield tag="008">090515n| acannaabn          |a aaa      </controlfield>
  <datafield tag="010" ind1=" " ind2=" ">
    <subfield code="a">n 2009219729</subfield>
  </datafield>
  <datafield tag="040" ind1=" " ind2=" ">
    <subfield code="a">DLC</subfield>
    <subfield code="b">eng</subfield>
    <subfield code="c">DLC</subfield>
    <subfield code="d">DLC</subfield>
  </datafield>
  <datafield tag="053" ind1=" " ind2="0">
    <subfield code="a">PK2099.39.U257</subfield>
  </datafield>
  <datafield tag="100" ind1="1" ind2=" ">
    <subfield code="a">Subīra, Paṅkaja,</subfield>
    <subfield code="d">1975-</subfield>
  </datafield>
  <datafield tag="400" ind1="0" ind2=" ">
    <subfield code="a">Paṅkaja Subīra,</subfield>
    <subfield code="d">1975-</subfield>
  </datafield>
  <datafield tag="400" ind1="1" ind2=" ">
    <subfield code="a">Subir, Pankaj,</subfield>
    <subfield code="d">1975-</subfield>
  </datafield>
  <datafield tag="400" ind1="1" ind2=" ">
    <subfield code="a">Subeer, Pankaj,</subfield>
    <subfield code="d">1975-</subfield>
  </datafield>
  <datafield tag="670" ind1=" " ind2=" ">
    <subfield code="a">Subīra, Paṅkaja. Īsṭa Iṇḍiyā Kampanī, 2009:</subfield>
    <subfield code="b">t.p. (Paṅkaja Subīra) t.p. verso (Pankaj Subir) jkt. (Hindi author, chief. ed., Subir Samvad Seva, internet based new agency, trainer, compurter hardware and graphics; b. Oct. 11, 1975)</subfield>
  </datafield>
  <datafield tag="670" ind1=" " ind2=" ">
    <subfield code="a">Ye vo sahara to nahīṃ--, 2010:</subfield>
    <subfield code="b">t.p. (Paṅkaja Subīra) t.p. verso (Pankaj Subeer)</subfield>
  </datafield>
</record>